@book{alexander2017fundamentals,
  title={Fundamentals of Electric Circuits},
  author={Alexander, C.K. and Sadiku, M.N.O.},
  isbn={9781259251320},
  lccn={2011025116},
  series={COLLEGE IE OVERRUNS},
  url={https://books.google.com/books?id=e4-gjwEACAAJ},
  year={2017},
  publisher={McGraw-hill Education}
}
